<?xml version="1.0" encoding="UTF-8"?>
  <collection xmlns="http://www.loc.gov/MARC21/slim">
      <record>
         <leader>00000nz  a2200169   4500</leader>
         <controlfield tag="001">30004110</controlfield>
         <controlfield tag="003">RISM</controlfield>
         <controlfield tag="005">20160216</controlfield>
         <controlfield tag="008">160216n||az|||||||##########||||||||||||</controlfield>
         <datafield tag="040" ind1=" " ind2=" ">
            <subfield code="a">SI-Cn</subfield>
         </datafield>
         <datafield tag="043" ind1=" " ind2=" ">
            <subfield code="c">XA-SI</subfield>
         </datafield>
         <datafield tag="110" ind1="2" ind2=" ">
            <subfield code="a">Nova cerkev, cerkveni glasbeni arhiv</subfield>
            <subfield code="c">Celje</subfield>
            <subfield code="g">SI-Cn</subfield>
         </datafield>
         <datafield tag="410" ind1="2" ind2=" ">
            <subfield code="a">Church, music archives</subfield>
         </datafield>
      </record>