
      <record>
         <leader>00000nz  a2200169   4500</leader>
         <controlfield tag="001">30004096</controlfield>
         <controlfield tag="003">RISM</controlfield>
         <controlfield tag="005">20160216</controlfield>
         <controlfield tag="008">160216n||az|||||||##########||||||||||||</controlfield>
         <datafield tag="040" ind1=" " ind2=" ">
            <subfield code="a">SI-Co</subfield>
         </datafield>
         <datafield tag="043" ind1=" " ind2=" ">
            <subfield code="c">XA-SI</subfield>
         </datafield>
         <datafield tag="110" ind1="2" ind2=" ">
            <subfield code="a">Opatijska cerkev, glasbeni arhiv</subfield>
            <subfield code="c">Celje</subfield>
            <subfield code="g">SI-Co</subfield>
         </datafield>
         <datafield tag="410" ind1="2" ind2=" ">
            <subfield code="a">Abbey Church, music archives</subfield>
         </datafield>
         <datafield tag="410" ind1="2" ind2=" ">
            <subfield code="a">Opatija sv. Daniela</subfield>
         </datafield>
         <datafield tag="622" ind1=" " ind2=" ">
            <subfield code="e">Opatijska cerkev, glasbeni arhiv, Slomškov trg 2, 63000 Celje, Slovenia</subfield>
         </datafield>
      </record>