
      <record>
         <leader>00000nz  a2200169   4500</leader>
         <controlfield tag="001">30004098</controlfield>
         <controlfield tag="003">RISM</controlfield>
         <controlfield tag="005">20160216</controlfield>
         <controlfield tag="008">160216n||az|||||||##########||||||||||||</controlfield>
         <datafield tag="040" ind1=" " ind2=" ">
            <subfield code="a">SI-Im</subfield>
         </datafield>
         <datafield tag="043" ind1=" " ind2=" ">
            <subfield code="c">XA-SI</subfield>
         </datafield>
         <datafield tag="110" ind1="2" ind2=" ">
            <subfield code="a">Cerkev Sv. Mavra, glasbeni arhiv</subfield>
            <subfield code="c">Izola</subfield>
            <subfield code="g">SI-Im</subfield>
         </datafield>
         <datafield tag="410" ind1="2" ind2=" ">
            <subfield code="a">Church of St. mauro, music archives</subfield>
         </datafield>
         <datafield tag="622" ind1=" " ind2=" ">
            <subfield code="e">Cerkev Sv. Mavra, glasbeni arhiv, Trg pri bolnici 4, 66310  Izola, Slovenia</subfield>
         </datafield>
      </record>