
      <record>
         <leader>00000nz  a2200169   4500</leader>
         <controlfield tag="001">30004101</controlfield>
         <controlfield tag="003">RISM</controlfield>
         <controlfield tag="005">20160216</controlfield>
         <controlfield tag="008">160216n||az|||||||##########||||||||||||</controlfield>
         <datafield tag="040" ind1=" " ind2=" ">
            <subfield code="a">SI-KAf</subfield>
         </datafield>
         <datafield tag="043" ind1=" " ind2=" ">
            <subfield code="c">XA-SI</subfield>
         </datafield>
         <datafield tag="110" ind1="2" ind2=" ">
            <subfield code="a">Frančiškanski samostan, Knjižnica</subfield>
            <subfield code="c">Kamnik</subfield>
            <subfield code="g">SI-KAf</subfield>
         </datafield>
         <datafield tag="410" ind1="2" ind2=" ">
            <subfield code="a">Franciscan Convent, Library</subfield>
         </datafield>
         <datafield tag="622" ind1=" " ind2=" ">
            <subfield code="e">Frančiškanski samostan, Knjižnica, Šlandrova ulica 2, 61240 Kamnik, Slovenia</subfield>
         </datafield>
      </record>