
      <record>
         <leader>00000nz  a2200169   4500</leader>
         <controlfield tag="001">30004100</controlfield>
         <controlfield tag="003">RISM</controlfield>
         <controlfield tag="005">20160216</controlfield>
         <controlfield tag="008">160216n||az|||||||##########||||||||||||</controlfield>
         <datafield tag="040" ind1=" " ind2=" ">
            <subfield code="a">SI-Ko</subfield>
         </datafield>
         <datafield tag="043" ind1=" " ind2=" ">
            <subfield code="c">XA-SI</subfield>
         </datafield>
         <datafield tag="110" ind1="2" ind2=" ">
            <subfield code="a">Osrednja knjižnica Srečka Vilharja</subfield>
            <subfield code="c">Koper</subfield>
            <subfield code="g">SI-Ko</subfield>
         </datafield>
         <datafield tag="410" ind1="2" ind2=" ">
            <subfield code="a">The Central Library of Srečko Vilhar</subfield>
         </datafield>
         <datafield tag="410" ind1="2" ind2=" ">
            <subfield code="a">Študijska knjižnica (Study Library)</subfield>
         </datafield>
         <datafield tag="622" ind1=" " ind2=" ">
            <subfield code="e">Osrednja knjižnica Srečka Vilharja, Trg Brolo 1, 6000 Koper, Slovenia</subfield>
            <subfield code="u">http://www.kp.sik.si/</subfield>
         </datafield>
      </record>