
      <record>
         <leader>00000nz  a2200169   4500</leader>
         <controlfield tag="001">30004099</controlfield>
         <controlfield tag="003">RISM</controlfield>
         <controlfield tag="005">20160216</controlfield>
         <controlfield tag="008">160216n||az|||||||##########||||||||||||</controlfield>
         <datafield tag="040" ind1=" " ind2=" ">
            <subfield code="a">SI-Kp</subfield>
         </datafield>
         <datafield tag="043" ind1=" " ind2=" ">
            <subfield code="c">XA-SI</subfield>
         </datafield>
         <datafield tag="110" ind1="2" ind2=" ">
            <subfield code="a">Pokrajinski arhiv</subfield>
            <subfield code="c">Koper</subfield>
            <subfield code="g">SI-Kp</subfield>
         </datafield>
         <datafield tag="410" ind1="2" ind2=" ">
            <subfield code="a">Provincial Archives</subfield>
         </datafield>
         <datafield tag="410" ind1="2" ind2=" ">
            <subfield code="a">Mestni arhiv</subfield>
         </datafield>
         <datafield tag="622" ind1=" " ind2=" ">
            <subfield code="e">Pokrajinski arhiv, Kapodistriasov trg 1, 6000 Koper, Slovenia</subfield>
            <subfield code="u">http://www.arhiv-koper.si/web/guest/home</subfield>
         </datafield>
      </record>