
      <record>
         <leader>00000nz  a2200169   4500</leader>
         <controlfield tag="001">30004513</controlfield>
         <controlfield tag="003">RISM</controlfield>
         <controlfield tag="005">20160216</controlfield>
         <controlfield tag="008">160216n||az|||||||##########||||||||||||</controlfield>
         <datafield tag="040" ind1=" " ind2=" ">
            <subfield code="a">SI-Kš</subfield>
         </datafield>
         <datafield tag="043" ind1=" " ind2=" ">
            <subfield code="c">XA-SI</subfield>
         </datafield>
         <datafield tag="110" ind1="2" ind2=" ">
            <subfield code="a">Škofijski arhiv</subfield>
            <subfield code="c">Koper</subfield>
            <subfield code="g">SI-Kš</subfield>
         </datafield>
         <datafield tag="410" ind1="2" ind2=" ">
            <subfield code="a">Diocesian Archives</subfield>
         </datafield>
         <datafield tag="410" ind1="2" ind2=" ">
            <subfield code="a">Episcopal Archive</subfield>
         </datafield>
         <datafield tag="622" ind1=" " ind2=" ">
            <subfield code="e">Škofijski arhiv, Trg Brolo 11, 66000  Koper, Slovenia</subfield>
            <subfield code="u">http://www.rkc.si/arhiv-kp/</subfield>
         </datafield>
      </record>