
      <record>
         <leader>00000nz  a2200169   4500</leader>
         <controlfield tag="001">30004102</controlfield>
         <controlfield tag="003">RISM</controlfield>
         <controlfield tag="005">20160216</controlfield>
         <controlfield tag="008">160216n||az|||||||##########||||||||||||</controlfield>
         <datafield tag="040" ind1=" " ind2=" ">
            <subfield code="a">SI-Las</subfield>
         </datafield>
         <datafield tag="043" ind1=" " ind2=" ">
            <subfield code="c">XA-SI</subfield>
         </datafield>
         <datafield tag="110" ind1="2" ind2=" ">
            <subfield code="a">Arhiv Republike Slovenije</subfield>
            <subfield code="c">Ljubljana</subfield>
            <subfield code="g">SI-Las</subfield>
         </datafield>
         <datafield tag="410" ind1="2" ind2=" ">
            <subfield code="a">Archives of the Republic of Slovenia</subfield>
         </datafield>
         <datafield tag="410" ind1="2" ind2=" ">
            <subfield code="a">Državni arhiv Slovenije</subfield>
         </datafield>
         <datafield tag="622" ind1=" " ind2=" ">
            <subfield code="e">Arhiv Republike Slovenije, Zvezdarska ulica 1, 61000 Ljubljana, Slovenia</subfield>
         </datafield>
      </record>