
      <record>
         <leader>00000nz  a2200169   4500</leader>
         <controlfield tag="001">30004103</controlfield>
         <controlfield tag="003">RISM</controlfield>
         <controlfield tag="005">20160216</controlfield>
         <controlfield tag="008">160216n||az|||||||##########||||||||||||</controlfield>
         <datafield tag="040" ind1=" " ind2=" ">
            <subfield code="a">SI-Lm</subfield>
         </datafield>
         <datafield tag="043" ind1=" " ind2=" ">
            <subfield code="c">XA-SI</subfield>
         </datafield>
         <datafield tag="110" ind1="2" ind2=" ">
            <subfield code="a">Muzikološki oddelek Filozofske fakultete, Knjižnica</subfield>
            <subfield code="c">Ljubljana</subfield>
            <subfield code="g">SI-Lm</subfield>
         </datafield>
         <datafield tag="410" ind1="2" ind2=" ">
            <subfield code="a">Department of Musicology, Faculty of Arts, Library</subfield>
         </datafield>
         <datafield tag="622" ind1=" " ind2=" ">
            <subfield code="e">Muzikološki oddelek Filozofske,  fakultete, Knjižnica, Aškerčeva 12, 61000  Ljubljana, Slovenia</subfield>
         </datafield>
      </record>