
      <record>
         <leader>00000nz  a2200169   4500</leader>
         <controlfield tag="001">30002551</controlfield>
         <controlfield tag="003">RISM</controlfield>
         <controlfield tag="005">20160216</controlfield>
         <controlfield tag="008">160216n||az|||||||##########||||||||||||</controlfield>
         <datafield tag="040" ind1=" " ind2=" ">
            <subfield code="a">SI-Lng</subfield>
         </datafield>
         <datafield tag="043" ind1=" " ind2=" ">
            <subfield code="c">XA-SI</subfield>
         </datafield>
         <datafield tag="110" ind1="2" ind2=" ">
            <subfield code="a">Narodna in univerzitetna knjižnica, Glasbena zbirka</subfield>
            <subfield code="c">Ljubljana</subfield>
            <subfield code="g">SI-Lng</subfield>
         </datafield>
         <datafield tag="410" ind1="2" ind2=" ">
            <subfield code="a">National and University Library, Music Collection</subfield>
         </datafield>
         <datafield tag="622" ind1=" " ind2=" ">
            <subfield code="e">Narodna in univerzitetna knjižnica,,  Glasbena zbirka, Turjaška ulica 1, 61000 Ljubljana, Slovenia</subfield>
         </datafield>
      </record>