
      <record>
         <leader>00000nz  a2200169   4500</leader>
         <controlfield tag="001">30004105</controlfield>
         <controlfield tag="003">RISM</controlfield>
         <controlfield tag="005">20160216</controlfield>
         <controlfield tag="008">160216n||az|||||||##########||||||||||||</controlfield>
         <datafield tag="040" ind1=" " ind2=" ">
            <subfield code="a">SI-Lnp</subfield>
         </datafield>
         <datafield tag="043" ind1=" " ind2=" ">
            <subfield code="c">XA-SI</subfield>
         </datafield>
         <datafield tag="110" ind1="2" ind2=" ">
            <subfield code="a">Narodna in univerzitetna knjižnica, Časopisni oddelek</subfield>
            <subfield code="c">Ljubljana</subfield>
            <subfield code="g">SI-Lnp</subfield>
         </datafield>
         <datafield tag="410" ind1="2" ind2=" ">
            <subfield code="a">National and University Library, Newspaper Department</subfield>
         </datafield>
         <datafield tag="622" ind1=" " ind2=" ">
            <subfield code="e">Narodna in univerzitetna knjižnica,,  Časopisni oddelek, Turjaška ulica 1, 61000 Ljubljana, Slovenia</subfield>
         </datafield>
      </record>