
      <record>
         <leader>00000nz  a2200169   4500</leader>
         <controlfield tag="001">30002550</controlfield>
         <controlfield tag="003">RISM</controlfield>
         <controlfield tag="005">20160216</controlfield>
         <controlfield tag="008">160216n||az|||||||##########||||||||||||</controlfield>
         <datafield tag="040" ind1=" " ind2=" ">
            <subfield code="a">SI-Ls</subfield>
         </datafield>
         <datafield tag="043" ind1=" " ind2=" ">
            <subfield code="c">XA-SI</subfield>
         </datafield>
         <datafield tag="110" ind1="2" ind2=" ">
            <subfield code="a">Stolnica, Arhiv stolnega kora</subfield>
            <subfield code="c">Ljubljana</subfield>
            <subfield code="g">SI-Ls</subfield>
         </datafield>
         <datafield tag="410" ind1="2" ind2=" ">
            <subfield code="a">Cathedral, Archives of the cathedral choir</subfield>
         </datafield>
         <datafield tag="410" ind1="2" ind2=" ">
            <subfield code="a">Katedralski glasbeni arhiv</subfield>
         </datafield>
         <datafield tag="622" ind1=" " ind2=" ">
            <subfield code="e">Stolnica, Arhiv stolnega kora, Dolničarjeva 1, 1000  Ljubljana, Slovenia</subfield>
         </datafield>
      </record>