
      <record>
         <leader>00000nz  a2200169   4500</leader>
         <controlfield tag="001">30002549</controlfield>
         <controlfield tag="003">RISM</controlfield>
         <controlfield tag="005">20160216</controlfield>
         <controlfield tag="008">160216n||az|||||||##########||||||||||||</controlfield>
         <datafield tag="040" ind1=" " ind2=" ">
            <subfield code="a">SI-Lsa</subfield>
         </datafield>
         <datafield tag="043" ind1=" " ind2=" ">
            <subfield code="c">XA-SI</subfield>
         </datafield>
         <datafield tag="110" ind1="2" ind2=" ">
            <subfield code="a">Slovenska akademija znanosti in umetnosti, Biblioteka</subfield>
            <subfield code="c">Ljubljana</subfield>
            <subfield code="g">SI-Lsa</subfield>
         </datafield>
         <datafield tag="410" ind1="2" ind2=" ">
            <subfield code="a">Slovenian Academy of Sciences and Arts, Library</subfield>
         </datafield>
         <datafield tag="622" ind1=" " ind2=" ">
            <subfield code="e">Slovenska akademija znanosti in,  umetnosti, Biblioteka, Novi trg 5, 61000 Ljubljana, Slovenia</subfield>
         </datafield>
      </record>