
      <record>
         <leader>00000nz  a2200169   4500</leader>
         <controlfield tag="001">30003210</controlfield>
         <controlfield tag="003">RISM</controlfield>
         <controlfield tag="005">20160216</controlfield>
         <controlfield tag="008">160216n||az|||||||##########||||||||||||</controlfield>
         <datafield tag="040" ind1=" " ind2=" ">
            <subfield code="a">SI-Lsk</subfield>
         </datafield>
         <datafield tag="043" ind1=" " ind2=" ">
            <subfield code="c">XA-SI</subfield>
         </datafield>
         <datafield tag="110" ind1="2" ind2=" ">
            <subfield code="a">Semeniška knjižnica</subfield>
            <subfield code="c">Ljubljana</subfield>
            <subfield code="g">SI-Lsk</subfield>
         </datafield>
         <datafield tag="410" ind1="2" ind2=" ">
            <subfield code="a">Seminary Library</subfield>
         </datafield>
         <datafield tag="410" ind1="2" ind2=" ">
            <subfield code="a">Bibliothek des Erzbischöflichen Priesterseminars</subfield>
         </datafield>
         <datafield tag="622" ind1=" " ind2=" ">
            <subfield code="e">Semeniška knjižnica, Dolničarjeva 4, 61000 Ljubljana, Slovenia</subfield>
         </datafield>
      </record>