
      <record>
         <leader>00000nz  a2200169   4500</leader>
         <controlfield tag="001">30078019</controlfield>
         <controlfield tag="003">RISM</controlfield>
         <controlfield tag="005">20160216</controlfield>
         <controlfield tag="008">160216n||az|||||||##########||||||||||||</controlfield>
         <datafield tag="040" ind1=" " ind2=" ">
            <subfield code="a">SI-Mpa</subfield>
         </datafield>
         <datafield tag="043" ind1=" " ind2=" ">
            <subfield code="c">SI</subfield>
         </datafield>
         <datafield tag="110" ind1="2" ind2=" ">
            <subfield code="a">Pokrajinski arhiv</subfield>
            <subfield code="c">Maribor</subfield>
            <subfield code="g">SI-Mpa</subfield>
         </datafield>
         <datafield tag="622" ind1=" " ind2=" ">
            <subfield code="e">Pokrajinski arhiv, Glavni trg 7, 2000 Maribor, Slovenia</subfield>
            <subfield code="u">http://www.pokarh-mb.si/</subfield>
         </datafield>
      </record>