
      <record>
         <leader>00000nz  a2200169   4500</leader>
         <controlfield tag="001">76336</controlfield>
         <controlfield tag="003">RISM</controlfield>
         <controlfield tag="005">20160216</controlfield>
         <controlfield tag="008">160216n||az|||||||##########||||||||||||</controlfield>
         <datafield tag="040" ind1=" " ind2=" ">
            <subfield code="a">SI-Mpm</subfield>
         </datafield>
         <datafield tag="043" ind1=" " ind2=" ">
            <subfield code="c">XA-SI</subfield>
         </datafield>
         <datafield tag="110" ind1="2" ind2=" ">
            <subfield code="a">Pokrajinski muzej Maribor, Arhiv</subfield>
            <subfield code="c">Maribor</subfield>
            <subfield code="g">SI-Mpm</subfield>
         </datafield>
         <datafield tag="410" ind1="2" ind2=" ">
            <subfield code="a">Regionalmuseum Maribor</subfield>
         </datafield>
         <datafield tag="622" ind1=" " ind2=" ">
            <subfield code="e">Pokrajinski muzej Maribor, Arhiv, Grajska ulica 2, 2000 Maribor, Slovenia</subfield>
            <subfield code="u">http://www.pmuzej-mb.si</subfield>
         </datafield>
      </record>