
      <record>
         <leader>00000nz  a2200169   4500</leader>
         <controlfield tag="001">30004107</controlfield>
         <controlfield tag="003">RISM</controlfield>
         <controlfield tag="005">20160216</controlfield>
         <controlfield tag="008">160216n||az|||||||##########||||||||||||</controlfield>
         <datafield tag="040" ind1=" " ind2=" ">
            <subfield code="a">SI-NGf</subfield>
         </datafield>
         <datafield tag="043" ind1=" " ind2=" ">
            <subfield code="c">XA-SI</subfield>
         </datafield>
         <datafield tag="110" ind1="2" ind2=" ">
            <subfield code="a">Frančiškanski samostan Kostanjevica, Škrabčeva knjižnica</subfield>
            <subfield code="c">Nova Gorica</subfield>
            <subfield code="g">SI-NGf</subfield>
         </datafield>
         <datafield tag="410" ind1="2" ind2=" ">
            <subfield code="a">Convent of Kostanjevica, Škrabec Library</subfield>
         </datafield>
         <datafield tag="622" ind1=" " ind2=" ">
            <subfield code="e">Frančiškanski samostan Kostanjevica,,  Škrabčeva knjižnica, Škrabčeva ulica 1, Nova Gorica, Slovenia</subfield>
         </datafield>
      </record>