
      <record>
         <leader>00000nz  a2200169   4500</leader>
         <controlfield tag="001">30003596</controlfield>
         <controlfield tag="003">RISM</controlfield>
         <controlfield tag="005">20160216</controlfield>
         <controlfield tag="008">160216n||az|||||||##########||||||||||||</controlfield>
         <datafield tag="040" ind1=" " ind2=" ">
            <subfield code="a">SI-Nk</subfield>
         </datafield>
         <datafield tag="043" ind1=" " ind2=" ">
            <subfield code="c">XA-SI</subfield>
         </datafield>
         <datafield tag="110" ind1="2" ind2=" ">
            <subfield code="a">Kolegiatni kapitelj, Knjižnica</subfield>
            <subfield code="c">Novo mesto</subfield>
            <subfield code="g">SI-Nk</subfield>
         </datafield>
         <datafield tag="410" ind1="2" ind2=" ">
            <subfield code="a">Glazbeni Arhiv Katedrale</subfield>
         </datafield>
         <datafield tag="410" ind1="2" ind2=" ">
            <subfield code="a">College Chapter, Library</subfield>
         </datafield>
         <datafield tag="622" ind1=" " ind2=" ">
            <subfield code="e">Kolegiatni kapitelj, Knjižnica, Trubarjeva 3, 8000 Novo mesto, Slovenia</subfield>
         </datafield>
      </record>