
      <record>
         <leader>00000nz  a2200169   4500</leader>
         <controlfield tag="001">30002083</controlfield>
         <controlfield tag="003">RISM</controlfield>
         <controlfield tag="005">20160216</controlfield>
         <controlfield tag="008">160216n||az|||||||##########||||||||||||</controlfield>
         <datafield tag="040" ind1=" " ind2=" ">
            <subfield code="a">SI-PIm</subfield>
         </datafield>
         <datafield tag="043" ind1=" " ind2=" ">
            <subfield code="c">XA-SI</subfield>
         </datafield>
         <datafield tag="110" ind1="2" ind2=" ">
            <subfield code="a">Minoritski samostan sv. Frančiška</subfield>
            <subfield code="c">Piran</subfield>
            <subfield code="g">SI-PIm</subfield>
         </datafield>
         <datafield tag="622" ind1=" " ind2=" ">
            <subfield code="e">Minoritski samostan sv. Frančiška, Bolniška 30, 6330 Piran, Slovenia</subfield>
            <subfield code="u">http://minoriti.rkc.si/samostan/piran_samostan/deutch.htm</subfield>
         </datafield>
      </record>