
      <record>
         <leader>00000nz  a2200169   4500</leader>
         <controlfield tag="001">30004108</controlfield>
         <controlfield tag="003">RISM</controlfield>
         <controlfield tag="005">20160216</controlfield>
         <controlfield tag="008">160216n||az|||||||##########||||||||||||</controlfield>
         <datafield tag="040" ind1=" " ind2=" ">
            <subfield code="a">SI-PIt</subfield>
         </datafield>
         <datafield tag="043" ind1=" " ind2=" ">
            <subfield code="c">XA-SI</subfield>
         </datafield>
         <datafield tag="110" ind1="2" ind2=" ">
            <subfield code="a">Pokrajinski arhiv Koper - enota v Piranu, Tartinijeva arhivska zbirka</subfield>
            <subfield code="c">Piran</subfield>
            <subfield code="g">SI-PIt</subfield>
         </datafield>
         <datafield tag="410" ind1="2" ind2=" ">
            <subfield code="a">Provincial Archives Koper - Piran Section, Tartini's Archive collection</subfield>
         </datafield>
         <datafield tag="622" ind1=" " ind2=" ">
            <subfield code="e">Pokrajinski arhiv Koper - enota v,  Piranu, Tartinijeva arhivska zbirka, Bolniška ulica 30, 6330 Piran, Slovenia</subfield>
         </datafield>
      </record>