
      <record>
         <leader>00000nz  a2200169   4500</leader>
         <controlfield tag="001">30004097</controlfield>
         <controlfield tag="003">RISM</controlfield>
         <controlfield tag="005">20160216</controlfield>
         <controlfield tag="008">160216n||az|||||||##########||||||||||||</controlfield>
         <datafield tag="040" ind1=" " ind2=" ">
            <subfield code="a">SI-Pk</subfield>
         </datafield>
         <datafield tag="043" ind1=" " ind2=" ">
            <subfield code="c">XA-SI</subfield>
         </datafield>
         <datafield tag="110" ind1="2" ind2=" ">
            <subfield code="a">Knjižnica Ivana Potrča</subfield>
            <subfield code="c">Ptuj</subfield>
            <subfield code="g">SI-Pk</subfield>
         </datafield>
         <datafield tag="410" ind1="2" ind2=" ">
            <subfield code="a">The Library of Ivan Potrč</subfield>
         </datafield>
         <datafield tag="410" ind1="2" ind2=" ">
            <subfield code="a">Študijska knjižnica (Study Library)</subfield>
         </datafield>
         <datafield tag="410" ind1="2" ind2=" ">
            <subfield code="a">Ljudska in študijska knjižnica</subfield>
         </datafield>
         <datafield tag="622" ind1=" " ind2=" ">
            <subfield code="e">Knjižnica Ivana Potrča, Minoritski trg 1, 62250 Ptuj, Slovenia</subfield>
         </datafield>
      </record>