
      <record>
         <leader>00000nz  a2200169   4500</leader>
         <controlfield tag="001">30004111</controlfield>
         <controlfield tag="003">RISM</controlfield>
         <controlfield tag="005">20160216</controlfield>
         <controlfield tag="008">160216n||az|||||||##########||||||||||||</controlfield>
         <datafield tag="040" ind1=" " ind2=" ">
            <subfield code="a">SI-Pž</subfield>
         </datafield>
         <datafield tag="043" ind1=" " ind2=" ">
            <subfield code="c">XA-SI</subfield>
         </datafield>
         <datafield tag="110" ind1="2" ind2=" ">
            <subfield code="a">Župnijski urad Sv. Jurija, Glasbeni arhiv</subfield>
            <subfield code="c">Ptuj</subfield>
            <subfield code="g">SI-Pž</subfield>
         </datafield>
         <datafield tag="410" ind1="2" ind2=" ">
            <subfield code="a">Parochial office of St. George, Music Archives</subfield>
         </datafield>
         <datafield tag="622" ind1=" " ind2=" ">
            <subfield code="e">Župnijski urad Sv. Jurija, Glasbeni,  arhiv, Slovenski trg 10, 62250 Ptuj, Slovenia</subfield>
         </datafield>
      </record>