
      <record>
         <leader>00000nz  a2200169   4500</leader>
         <controlfield tag="001">30076364</controlfield>
         <controlfield tag="003">RISM</controlfield>
         <controlfield tag="005">20160216</controlfield>
         <controlfield tag="008">160216n||az|||||||##########||||||||||||</controlfield>
         <datafield tag="040" ind1=" " ind2=" ">
            <subfield code="a">SI-SLkpm</subfield>
         </datafield>
         <datafield tag="043" ind1=" " ind2=" ">
            <subfield code="c">XA-SI</subfield>
         </datafield>
         <datafield tag="110" ind1="2" ind2=" ">
            <subfield code="a">Koroški pokrajinski Museum</subfield>
            <subfield code="c">Slovenj Gradec</subfield>
            <subfield code="g">SI-SLkpm</subfield>
         </datafield>
         <datafield tag="410" ind1="2" ind2=" ">
            <subfield code="a">Carinthian regional museum</subfield>
         </datafield>
         <datafield tag="622" ind1=" " ind2=" ">
            <subfield code="e">Koroški pokrajinski Museum, Glavni trg 24, 2380 Slovenj Gradec, Slovenia</subfield>
            <subfield code="u">http://gostje.kivi.si/muzej</subfield>
         </datafield>
      </record>