
      <record>
         <leader>00000nz  a2200169   4500</leader>
         <controlfield tag="001">30076363</controlfield>
         <controlfield tag="003">RISM</controlfield>
         <controlfield tag="005">20160216</controlfield>
         <controlfield tag="008">160216n||az|||||||##########||||||||||||</controlfield>
         <datafield tag="040" ind1=" " ind2=" ">
            <subfield code="a">SI-SLsm</subfield>
         </datafield>
         <datafield tag="043" ind1=" " ind2=" ">
            <subfield code="c">XA-SI</subfield>
         </datafield>
         <datafield tag="110" ind1="2" ind2=" ">
            <subfield code="a">Sokličev muzej</subfield>
            <subfield code="c">Slovenj Gradec</subfield>
            <subfield code="g">SI-SLsm</subfield>
         </datafield>
         <datafield tag="622" ind1=" " ind2=" ">
            <subfield code="e">Sokličev muzej, Trg svobode 5, 2380 Slovenj Gradec, Slovenia</subfield>
         </datafield>
      </record>