
      <record>
         <leader>00000nz  a2200169   4500</leader>
         <controlfield tag="001">30003743</controlfield>
         <controlfield tag="003">RISM</controlfield>
         <controlfield tag="005">20160216</controlfield>
         <controlfield tag="008">160216n||az|||||||##########||||||||||||</controlfield>
         <datafield tag="040" ind1=" " ind2=" ">
            <subfield code="a">SI-Šk</subfield>
         </datafield>
         <datafield tag="043" ind1=" " ind2=" ">
            <subfield code="c">XA-SI</subfield>
         </datafield>
         <datafield tag="110" ind1="2" ind2=" ">
            <subfield code="a">Kapucinski samostan, Knjižnica</subfield>
            <subfield code="c">Škofja Loka</subfield>
            <subfield code="g">SI-Šk</subfield>
         </datafield>
         <datafield tag="410" ind1="2" ind2=" ">
            <subfield code="a">Capuchin Convent, Library</subfield>
         </datafield>
         <datafield tag="622" ind1=" " ind2=" ">
            <subfield code="e">Kapucinski samostan, Knjižnica, Novi svet 5, 64220 Škofja Loka, Slovenia</subfield>
         </datafield>
      </record>
   </collection>
 
